@misc{INHWebsite,
author = {Lynda Brighton},
title = {{Antennas go to the head of the class at INL (Idaho National Laboratory)}},
year = {2005},
howpublished = {\url{http://www.inl.gov/featurestories/2005-05-25.shtml}},
}

@inproceedings{Gardner,
    author    = {Floyd M. Gardner},
    title     = {{A BPSK/QPSK Timing-Error Detector for Samped Receivers}},
    booktitle = {IEEE transactions on communications},
    pages    = {423-429},
    year      = {1986},
    volume = {COM-34 NO. 5},
    month    = {May},
}

@article{Lee,
	author = {C.D. Lee and M. Darnell},
	title = {{A proposed hangup free and self-noise reduction method for digiral symbol synchroniser in MFSK systems}},
	journal = {The International Series in Engineering and Computer Science},
	year = {2002},
	pages = {97-112},
	volume  = {703},
}

@book{bib:Mataix,
  author = {Joseph B. Franzini and E. John Finnemore},
  title = {{Mecánica de Fluidos con aplicaciones en Ingeniería}},
  publisher = {McGraw-Hill, Inc.},
  year = 1999,
}

@book{bib:Ogata,
  author = {Katsuhiko Ogata},
  title = {{Ingeniería de control Moderna}},
  publisher = {Pearson Educación, S.A},
  year = 2010,
  edition = {Quinta},
}

@book{bib:Creus,
  author = {Antonio Creus Solé},
  title = {{Instrumentación Industrial}},
  publisher = {Alfaomega Marcombo},
  year = 1999,
}

@book{bib:Franzini,
  author = {Claudio Mataix},
  title = {{Mecánica de Fluidos y Máquinas Hidráulicas}},
  publisher = {Ediciones del Castillo, S.A.},
  year = 1986,
}

@book{bib:controlValveHandbook,
  author = {Fisher},
  title = {{Control Valve Handbook}},
  publisher = {Fisher Controls International LLC},
  edition = {cuarta},
  year = 2005,
}


@unpublished{bib:ApuntesPuglesiPlacaOrif,
  author = {Alfredo Ernesto Puglesi and María Susana Bernasconi and
  Esther Bibiana Castiglione and Pablo Barbazza},
  title = {{Apuntes de Instrumentación y Control Automático}},
  note = {Tema 2: Análisis dinámico del lazo de control},
  year = 2014
}

@unpublished{bib:ApuntesPuglesiValvulas,
  author = {Alfredo Ernesto Puglesi and María Susana Bernasconi and
  Esther Bibiana Castiglione and Marcos Castagnolo},
  title = {{Apuntes de Instrumentación y Control Automático}},
  note = {Tema 10: Válvulas de Control},
  year = 2014
}

@unpublished{bib:ApuntesPuglesiPLC,
  author = {Alfredo Ernesto Puglesi and María Susana Bernasconi and
  Esther Bibiana Castiglione and Marcos Castagnolo},
  title = {{Apuntes de Instrumentación y Control Automático}},
  note = {Tema 7: Automatismos con Controladores Lógicos Programables (PLC)},
  year = 2014
}

@unpublished{bib:ApuntesPuglesiTema2,
  author = {Alfredo Ernesto Puglesi and María Susana Bernasconi and
  Esther Bibiana Castiglione and José Carlos Cotiñas},
  title = {{Apuntes de Instrumentación y Control Automático}},
  note = {Unidad 8: Medición de Presión y Caudal},
  year = 2014
}

@unpublished{bib:ApuntesMDFBombas,
  author = {José Gálvez},
  title = {{Apuntes de Mecánica de los Fluidos}},
  note = {Unidad 9 - Bombas centrífugas},
  year = 2012
}

@unpublished{bib:ApuntesJGabriel,
  author = {Gabriel Julián},
  title = {{Apuntes de Autómatas y Control Discreto}},
  note = {Unidad 2: Autómatas Programables – Norma IEC 61131},
  year = 2014
}

@book{bib:libroAutomat1,
  author = {Josep Balcells and José Luis Romeral},
  title = {{Autómatas Programables}},
  publisher = {Marcombo Ediciones Técnicas},
  year = 2000,
}

@unpublished{bib:ManualScada,
  author = {{Schneider Electric Argentina S.A.}},
  title = {{Curso Básico de Scada P-CIM 1}},
  note = {Centro de Formación Técnica},
  year = 2001
}